@inbook{ChenmingHu5, place={Upper Saddle River, N.J}, 
title={Chapter 5: MOS Capacitor}, booktitle={Modern Semiconductor devices for integrated circuits}, publisher={Prentice Hall}, author={Hu, Chenming}, year={2010}}

@inbook{ChenmingHu6, place={Upper Saddle River, N.J}, 
title={Chapter 6: MOS Transistor}, booktitle={Modern Semiconductor devices for integrated circuits}, publisher={Prentice Hall}, author={Hu, Chenming}, year={2010}}

@inbook{ChenmingHu7, place={Upper Saddle River, N.J}, 
title={Chapter 7: MOSFETs in ICsâ€”Scaling, Leakage,
and Other Topics}, booktitle={Modern Semiconductor devices for integrated circuits}, publisher={Prentice Hall}, author={Hu, Chenming}, year={2010}}

@article{BardeenTunneling,
    author = {Reittu, H. J.},
    title = "{Fermi's golden rule and Bardeen's tunneling theory}",
    journal = {American Journal of Physics},
    volume = {63},
    number = {10},
    pages = {940-944},
    year = {1995},
    month = {10},
    issn = {0002-9505},
    doi = {10.1119/1.18037},
    url = {https://doi.org/10.1119/1.18037},
    eprint = {https://pubs.aip.org/aapt/ajp/article-pdf/63/10/940/11729593/940\_1\_online.pdf},
}

@article{Clerc,
    author = {Clerc, R. and Spinelli, A. and Ghibaudo, G. and Pananakakis, G.},
    title = "{Theory of direct tunneling current in metal-oxide-semiconductor structures}",
    journal = {Journal of Applied Physics},
    volume = {91},
    number = {3},
    pages = {1400-1409},
    year = {2002},
    month = {02},
    issn = {0021-8979},
    doi = {10.1063/1.1427398},
    url = {https://doi.org/10.1063/1.1427398},
    eprint = {https://pubs.aip.org/aip/jap/article-pdf/91/3/1400/10620173/1400\_1\_online.pdf},
}

@article{Yeo,

  author={Yee-Chia Yeo and Tsu-Jae King and Chenming Hu},

  journal={IEEE Transactions on Electron Devices}, 

  title={MOSFET gate leakage modeling and selection guide for alternative gate dielectrics based on leakage considerations}, 

  year={2003},

  volume={50},

  number={4},

  pages={1027-1035},

  doi={10.1109/TED.2003.812504}}

@phdthesis{Wan,
    author = {Lihui Wang},
    title = {Quantum Mechanical Effects on Mosfet Scaling Limit},
    school = {Georgia Institute of Technology},
    year = {2006}}
